@book{ref1,
  title={A Fully Progressive Approach to Single-Image Super-Resolution},
  author={Yifan Wang, Federico Perazzi, Brian McWilliams},
  year={2018},
  publisher={CVPR}
}
